@article{CanettiF01,
  author    = {Ran Canetti and
               Marc Fischlin},
  title     = {Universally Composable Commitments},
  journal   = {{IACR} Cryptol. ePrint Arch.},
  volume    = {2001},
  pages     = {55},
  year      = {2001},
  url       = {http://eprint.iacr.org/2001/055},
}

@inproceedings{CramerS98,
  author    = {Ronald Cramer and
               Victor Shoup},
  title     = {A Practical Public Key Cryptosystem Provably Secure Against Adaptive
               Chosen Ciphertext Attack},
  booktitle = {Advances in Cryptology - {CRYPTO} '98, 18th Annual International Cryptology
               Conference, Santa Barbara, California, USA, August 23-27, 1998, Proceedings},
  volume    = {1462},
  pages     = {13--25},
  publisher = {Springer},
  year      = {1998},
}
